@inproceedings{vanjacobson,
  author = "Van Jacobson and Michael J. Karels",
  title = "Congestion Avoidance and Control",
  booktitle = "SIGCOMM 1988",
  address = "Stanford, CA",
  month = aug,
  year = 1988
}

