%%% ====================================================================
%%%  BibTeX-file{
%%%     author          = "Gerry Murray",
%%%     version         = "1.2",
%%%     date            = "2 April 2012",
%%%     filename        = "acmsmall-sample-bibfile.bib",
%%%     address         = "ACM, NY",
%%%     email           = "murray at hq.acm.org",
%%%     codetable       = "ISO/ASCII",
%%%     keywords        = "ACM Reference Format, bibliography, citation, references",
%%%     supported       = "yes",
%%%     docstring       = "This BibTeX database file contains 'bibdata' entries
%%%                        that 'match' the examples provided in the Specifications Document
%%%                        AND, also, 'legacy'-type bibs. It should assist authors in
%%%                        choosing the 'correct' at-bibtype and necessary bib-fields
%%%                        so as to obtain the appropriate ACM Reference Format output.
%%%                        It also contains many 'Standard Abbreviations'. "
%%%  }
%%% ====================================================================

% Journals

% First the Full Name is given, then the abbreviation used in the AMS Math
% Reviews, with an indication if it could not be found there.
% Note the 2nd overwrites the 1st, so swap them if you want the full name.



%Entries


@misc{switch.p4,
  author =       "P4 Language Consortium",
  year =         "2013",
  title =        "The switch.p4 program describes a data plane of an L2/L3 switch",
  howpublished = "\url{https://github.com/p4lang/switch/}",
  month =        June,
  lastaccessed = "June 28, 2019",
}

@misc{bmv2,
  author =       "P4 Language Consortium",
  year =         "2019",
  title =        "Behavioral Model Repository",
  howpublished = "\url{https://github.com/p4lang/behavioral-model}",
  month =        June,
  lastaccessed = "June 28, 2019",
}


@online{simple_switch.md,
  author =       "P4 Language Consortium",
  year =         "2019",
  title =        "The BMv2 Simple Switch target",
  url =          "https://github.com/p4lang/behavioral-model/blob/master/docs/simple_switch.md",
  month =        June,
  lastaccessed = "June 28, 2019",
}


@online{v1model.p4,
  author =       "P4 Language Consortium",
  year =         "2019",
  title =        "v1model.p4 - Architecture for simple\_switch",
  url =          "https://github.com/p4lang/p4c/blob/master/p4include/v1model.p4",
  month =        June,
  lastaccessed = "June 28, 2019",
}


@misc{tofino,
  author =       "Barefoot Networks",
  year =         "2019",
  title =        "Tofino",
  howpublished = "\url{https://barefootnetworks.com/products/brief-tofino/}",
  month =        June,
  lastaccessed = "June 28, 2019",
}

@misc{xpliant,
  author =       "Cavium",
  year =         "2019",
  title =        "{XP}liant\textsuperscript{TM} {E}thernet {S}witch {P}roduct {F}amily",
  howpublished = "\url{http://www.cavium.com/XPliant-Ethernet-Switch-Product-Family.html}",
}


@online{psa,
  author =       "P4 Language Consortium",
  year =         "2019",
  title =        "Portable Switch Architecture",
  url =          "https://p4.org/p4-spec/docs/PSA-v1.1.0.html",
  month =        June,
  lastaccessed = "June 28, 2019",
}

@online{psa_switch,
  author =       "P4 Language Consortium",
  year =         "2019",
  title =        "PSA Switch",
  url =          "https://github.com/p4lang/behavioral-model/blob/master/targets/README.md#psa_switch",
  month =        June,
  lastaccessed = "June 28, 2019",
}

@online{core.p4,
  author =       "P4 Language Consortium",
  year =         "2019",
  title =        "core.p4 - P4-16 core library",
  url =          "https://github.com/p4lang/p4c/blob/master/p4include/core.p4",
  month =        June,
  lastaccessed = "June 28, 2019",
}


@online{p4runtime,
  author =       "P4 Language Consortium",
  year =         "2019",
  title =        "P4 Runtime",
  url =          "https://p4.org/p4-runtim",
  month =        June,
  lastaccessed = "June 28, 2019",
}


@online{p4lang,
  author =       "P4 Language Consortium",
  year =         "2018",
  title =        "P416 Language Specification",
  url =          "https://p4.org/p4-spec/docs/P4-16-v1.1.0-spec.html",
  month =        November,
  lastaccessed = "November 30, 2018",
}

@online{p4c,
  author =       "P4 Language Consortium",
  year =         "2019",
  title =        "P4-16 Reference Compiler",
  url =          "https://github.com/p4lang/p4c",
  month =        November,
  lastaccessed = "September 19, 2019",
}


@article{bosshart2014p4,
 author = {Bosshart, Pat and Daly, Dan and Gibb, Glen and Izzard, Martin and McKeown, Nick and Rexford, Jennifer and Schlesinger, Cole and Talayco, Dan and Vahdat, Amin and Varghese, George and Walker, David},
 title = {P4: Programming Protocol-independent Packet Processors},
 journal = {SIGCOMM Comput. Commun. Rev.},
 issue_date = {July 2014},
 volume = {44},
 number = {3},
 month = jul,
 year = {2014},
 issn = {0146-4833},
 pages = {87--95},
 numpages = {9},
 url = {http://doi.acm.org/10.1145/2656877.2656890},
 doi = {10.1145/2656877.2656890},
 acmid = {2656890},
 publisher = {ACM},
 address = {New York, NY, USA},
 keywords = {p4, protocol-independent, reconfigurability, sdn},
}


@INPROCEEDINGS{8038396,
 author={C. {Zhang} and J. {Bi} and Y. {Zhou} and A. B. {Dogar} and J. {Wu}}, 
 booktitle={2017 26th International Conference on Computer Communication and Networks (ICCCN)}, 
 title={HyperV: A High Performance Hypervisor for Virtualization of the Programmable Data Plane}, 
 year={2017}, 
 volume={}, 
 number={}, 
 pages={1-9}, 
 keywords={firewalls;software defined networking;telecommunication network routing;virtualisation;HyperV;programmable data plane;P4 domain specific language;Network Functions offload- ing;NF;high-performance hypervisor-for-virtualization;nonexclusive feature;uninterrupted feature;P4-BMv2 target;DPDK target;resource usage reduction;throughput penalty;software defined networking;firewalls;routers;Virtualization;Virtual machine monitors;Hardware;Performance evaluation;DH-HEMTs;Field programmable gate arrays;Noise measurement}, 
 doi={10.1109/ICCCN.2017.8038396}, 
 ISSN={}, 
 month={July},
 }


@inproceedings{Hancock:2016:HUP:2999572.2999607,
 author = {Hancock, David and van der Merwe, Jacobus},
 title = {HyPer4: Using P4 to Virtualize the Programmable Data Plane},
 booktitle = {Proceedings of the 12th International on Conference on Emerging Networking EXperiments and Technologies},
 series = {CoNEXT '16},
 year = {2016},
 isbn = {978-1-4503-4292-6},
 location = {Irvine, California, USA},
 pages = {35--49},
 numpages = {15},
 url = {http://doi.acm.org/10.1145/2999572.2999607},
 doi = {10.1145/2999572.2999607},
 acmid = {2999607},
 publisher = {ACM},
 address = {New York, NY, USA},
 keywords = {network virtualization, p4, software defined networking},
}


@inproceedings{Zheng:2018:PLV:3281411.3281436,
 author = {Zheng, Peng and Benson, Theophilus and Hu, Chengchen},
 title = {P4Visor: Lightweight Virtualization and Composition Primitives for Building and Testing Modular Programs},
 booktitle = {Proceedings of the 14th International Conference on Emerging Networking EXperiments and Technologies},
 series = {CoNEXT '18},
 year = {2018},
 isbn = {978-1-4503-6080-7},
 location = {Heraklion, Greece},
 pages = {98--111},
 numpages = {14},
 url = {http://doi.acm.org/10.1145/3281411.3281436},
 doi = {10.1145/3281411.3281436},
 acmid = {3281436},
 publisher = {ACM},
 address = {New York, NY, USA},
 keywords = {code merge, programmable data plane, testing},
}

@inproceedings{bosshart2013forwarding,
 author = {Bosshart, Pat and Gibb, Glen and Kim, Hun-Seok and Varghese, George and McKeown, Nick and Izzard, Martin and Mujica, Fernando and Horowitz, Mark},
 title = {Forwarding Metamorphosis: Fast Programmable Match-action Processing in Hardware for SDN},
 booktitle = {Proceedings of the ACM SIGCOMM 2013 Conference on SIGCOMM},
 series = {SIGCOMM '13},
 year = {2013},
 isbn = {978-1-4503-2056-6},
 location = {Hong Kong, China},
 pages = {99--110},
 numpages = {12},
 url = {http://doi.acm.org/10.1145/2486001.2486011},
 doi = {10.1145/2486001.2486011},
 acmid = {2486011},
 publisher = {ACM},
 address = {New York, NY, USA},
 keywords = {reconfigurable match tables, rmt model, sdn},
}

@inproceedings{Chole:2017:DDP:3098822.3098823,
 author = {Chole, Sharad and Fingerhut, Andy and Ma, Sha and Sivaraman, Anirudh and Vargaftik, Shay and Berger, Alon and Mendelson, Gal and Alizadeh, Mohammad and Chuang, Shang-Tse and Keslassy, Isaac and Orda, Ariel and Edsall, Tom},
 title = {dRMT: Disaggregated Programmable Switching},
 booktitle = {Proceedings of the Conference of the ACM Special Interest Group on Data Communication},
 series = {SIGCOMM '17},
 year = {2017},
 isbn = {978-1-4503-4653-5},
 location = {Los Angeles, CA, USA},
 pages = {1--14},
 numpages = {14},
 url = {http://doi.acm.org/10.1145/3098822.3098823},
 doi = {10.1145/3098822.3098823},
 acmid = {3098823},
 publisher = {ACM},
 address = {New York, NY, USA},
 keywords = {Programmable switching, RMT, disagreggation, packet processing},
} 

@inproceedings{6665172, 
author={G. {Gibb} and G. {Varghese} and M. {Horowitz} and N. {McKeown}}, 
booktitle={Architectures for Networking and Communications Systems}, 
title={Design principles for packet parsers}, 
year={2013}, 
volume={}, 
number={}, 
pages={13-24}, 
keywords={local area networks;program compilers;packet parser design;packet headers;Ethernet switch;forwarding decisions;switch hardware;fast parser design;slow parser design;design decisions;design principles;switch design;router design;parser generator;Verilog;Program processors;Switches;Multiprotocol label switching;Random access memory;Data mining;Abstracts;Application specific integrated circuits;Parsing;Design principles;Reconfigurable parsers}, 
doi={10.1109/ANCS.2013.6665172}, 
ISSN={}, 
month={Oct},
}

@article{Padua:1986:ACO:7902.7904,
 author = {Padua, David A. and Wolfe, Michael J.},
 title = {Advanced Compiler Optimizations for Supercomputers},
 journal = {Commun. ACM},
 issue_date = {Dec. 1986},
 volume = {29},
 number = {12},
 month = dec,
 year = {1986},
 issn = {0001-0782},
 pages = {1184--1201},
 numpages = {18},
 url = {http://doi.acm.org/10.1145/7902.7904},
 doi = {10.1145/7902.7904},
 acmid = {7904},
 publisher = {ACM},
 address = {New York, NY, USA},
} 


@article{Ferrante:1987:PDG:24039.24041,
 author = {Ferrante, Jeanne and Ottenstein, Karl J. and Warren, Joe D.},
 title = {The Program Dependence Graph and Its Use in Optimization},
 journal = {ACM Trans. Program. Lang. Syst.},
 issue_date = {July 1987},
 volume = {9},
 number = {3},
 month = jul,
 year = {1987},
 issn = {0164-0925},
 pages = {319--349},
 numpages = {31},
 url = {http://doi.acm.org/10.1145/24039.24041},
 doi = {10.1145/24039.24041},
 acmid = {24041},
 publisher = {ACM},
 address = {New York, NY, USA},
}


@inproceedings{Weiser:1981:PS:800078.802557,
 author = {Weiser, Mark},
 title = {Program Slicing},
 booktitle = {Proceedings of the 5th International Conference on Software Engineering},
 series = {ICSE '81},
 year = {1981},
 isbn = {0-89791-146-6},
 location = {San Diego, California, USA},
 pages = {439--449},
 numpages = {11},
 url = {http://dl.acm.org/citation.cfm?id=800078.802557},
 acmid = {802557},
 publisher = {IEEE Press},
 address = {Piscataway, NJ, USA},
 keywords = {Data flow analysis, Debugging, Human factors, Program maintenance, Program metrics, Software tools},
} 

@ARTICLE{310673, 
author={J. M. {Bieman} and L. M. {Ott}}, 
journal={IEEE Transactions on Software Engineering}, 
title={Measuring functional cohesion}, 
year={1994}, 
volume={20}, 
number={8}, 
pages={644-657}, 
keywords={software metrics;functional cohesion;data slice abstraction;data tokens;glue tokens;super-glue tokens;data slices;software measurement scale;abstract transformations;Software measurement;Data analysis;Software engineering;Software design;Measurement techniques;Flow graphs;Testing;Fluid flow measurement;Measurement standards;Computer languages}, 
doi={10.1109/32.310673}, 
ISSN={0098-5589}, 
month={Aug},}


